@misc{Graficas,
author = {Varios Autores},
title = {Graficas dinamicas},
howpublished = "url{https://matplotlib.org/3.1.1/gallery/index.html}",
}